@article{gondzio2012interior,
  title={Interior point methods 25 years later},
  author={Gondzio, Jacek},
  journal={European Journal of Operational Research},
  volume={218},
  number={3},
  pages={587--601},
  year={2012},
  publisher={Elsevier}
}

@article{colombo2008further,
  title={Further development of multiple centrality correctors for interior point methods},
  author={Colombo, Marco and Gondzio, Jacek},
  journal={Computational Optimization and Applications},
  volume={41},
  number={3},
  pages={277--305},
  year={2008},
  publisher={Springer}
}

@article{lee1984euclidean,
  title={Euclidean shortest paths in the presence of rectilinear barriers},
  author={Lee, Der-Tsai and Preparata, Franco P},
  journal={Networks},
  volume={14},
  number={3},
  pages={393--410},
  year={1984},
  publisher={Wiley Online Library}
}
